<record xmlns="http://www.loc.gov/MARC21/slim">
   <leader>01406cam a2200361 a 4500</leader>
   <controlfield tag="001">1327137</controlfield>
   <controlfield tag="008">901009s1985    onc      b   f    0 eng c</controlfield>
   <datafield ind1=" " ind2=" " tag="035">
      <subfield code="a">ocm70305594</subfield>
   </datafield>
   <datafield ind1=" " ind2=" " tag="040">
      <subfield code="b">eng</subfield>
   </datafield>
   <datafield ind1=" " ind2=" " tag="043">
      <subfield code="a">n-cn---</subfield>
   </datafield>
   <datafield ind1=" " ind2=" " tag="049">
      <subfield code="a">AEU</subfield>
      <subfield code="b">eng</subfield>
   </datafield>
   <datafield ind1=" " ind2="4" tag="050">
      <subfield code="a">HV9507</subfield>
      <subfield code="b">R6 1985</subfield>
   </datafield>
   <datafield ind1=" " ind2=" " tag="090">
      <subfield code="a">HV 6046 R6 1985</subfield>
      <subfield code="b"/>
   </datafield>
   <datafield ind1="0" ind2=" " tag="090">
      <subfield code="a">GOV DOC CA1 JS 82-18\ 1985</subfield>
   </datafield>
   <datafield ind1="1" ind2=" " tag="100">
      <subfield code="a">Ross, R. R.</subfield>
      <subfield code="q">(Robert Robertson),</subfield>
      <subfield code="d">1933-</subfield>
   </datafield>
   <datafield ind1="1" ind2="0" tag="245">
      <subfield code="a">Correctional afterthoughts :</subfield>
      <subfield code="b">programs for female offenders /</subfield>
      <subfield code="c">Robert R. Ross and Elizabeth A. Fabiano.</subfield>
   </datafield>
   <datafield ind1=" " ind2=" " tag="260">
      <subfield code="a">[Ottawa] :</subfield>
      <subfield code="b">Ministry of the Solicitor General of Canada,</subfield>
      <subfield code="c">1985.</subfield>
   </datafield>
   <datafield ind1=" " ind2=" " tag="300">
      <subfield code="a">170 p. ;</subfield>
      <subfield code="c">28 cm.</subfield>
   </datafield>
   <datafield ind1=" " ind2=" " tag="336">
      <subfield code="a">text</subfield>
      <subfield code="b">txt</subfield>
      <subfield code="2">rdacontent</subfield>
   </datafield>
   <datafield ind1=" " ind2=" " tag="337">
      <subfield code="a">unmediated</subfield>
      <subfield code="b">n</subfield>
      <subfield code="2">rdamedia</subfield>
   </datafield>
   <datafield ind1=" " ind2=" " tag="338">
      <subfield code="a">volume</subfield>
      <subfield code="b">nc</subfield>
      <subfield code="2">rdacarrier</subfield>
   </datafield>
   <datafield ind1="1" ind2=" " tag="490">
      <subfield code="a">Programs Branch user report ;</subfield>
      <subfield code="v">no. 1985-18</subfield>
   </datafield>
   <datafield ind1=" " ind2=" " tag="504">
      <subfield code="a">Bibliography: p. [148]-170.</subfield>
   </datafield>
   <datafield ind1=" " ind2=" " tag="596">
      <subfield code="a">38 45</subfield>
   </datafield>
   <datafield ind1=" " ind2="0" tag="650">
      <subfield code="a">Women prisoners</subfield>
      <subfield code="z">Canada.</subfield>
   </datafield>
   <datafield ind1=" " ind2="0" tag="650">
      <subfield code="a">Women prisoners.</subfield>
   </datafield>
   <datafield ind1=" " ind2="0" tag="650">
      <subfield code="a">Female offenders.</subfield>
   </datafield>
   <datafield ind1="1" ind2=" " tag="700">
      <subfield code="a">Fabiano, Elizabeth.</subfield>
   </datafield>
   <datafield ind1="1" ind2=" " tag="710">
      <subfield code="a">Canada.</subfield>
      <subfield code="b">Ministry of the Solicitor General.</subfield>
      <subfield code="b">Programs Branch.</subfield>
   </datafield>
   <datafield ind1="0" ind2=" " tag="740">
      <subfield code="a">Programs for female offenders.</subfield>
   </datafield>
   <datafield ind1=" " ind2="0" tag="830">
      <subfield code="a">User report ;</subfield>
      <subfield code="v">no. 1985:18.</subfield>
   </datafield>
   <datafield ind1=" " ind2=" " tag="926">
      <subfield code="a">GOV DOC CA1 JS 82-18/ 1985</subfield>
      <subfield code="w">LC</subfield>
      <subfield code="c">1</subfield>
      <subfield code="i">000034801910</subfield>
      <subfield code="d">4/23/2003</subfield>
      <subfield code="l">ON_SHELF</subfield>
      <subfield code="m">UALAW</subfield>
      <subfield code="n">22</subfield>
      <subfield code="p">$150.00</subfield>
      <subfield code="r">Y</subfield>
      <subfield code="s">Y</subfield>
      <subfield code="t">BOOK</subfield>
      <subfield code="u">11/1/1990</subfield>
   </datafield>
   <datafield ind1=" " ind2=" " tag="926">
      <subfield code="a">HV 6046 R6 1985</subfield>
      <subfield code="w">LC</subfield>
      <subfield code="c">1</subfield>
      <subfield code="i">0164110176991</subfield>
      <subfield code="d">1/7/2009</subfield>
      <subfield code="e">1/5/2009</subfield>
      <subfield code="l">IN_PROCESS</subfield>
      <subfield code="m">UABARD</subfield>
      <subfield code="n">6</subfield>
      <subfield code="p">$150.00</subfield>
      <subfield code="r">Y</subfield>
      <subfield code="s">Y</subfield>
      <subfield code="t">BOOK</subfield>
      <subfield code="u">10/1/2001</subfield>
   </datafield>
</record>
